
@techreport{gsw06,
    title       = "The {U.S.} {T}reasury Yield Curve: 1961 to the Present",
    author      = "Refet S. Gurkaynak and Brian Sack and Jonathan H. Wright",
    year        = "2006",
    institution = "Finance and Economics Discussion Series, Board of Governors of the Federal Reserve System",
    type        = "Working Paper",
    number      = "28"
}

@article{nelsonsiegel1987,
	author		= "Charles R. Nelson and Andrew F. Siegel",
	title		= "Parsimonious Modeling of Yield Curves",
	year		= "1987",
	journal		= "The Journal of Business",
	volume		= "60",
    number      = "4",
	pages		= "473-489"
}

@techreport{svensson1994,
     title       = "Estimating and Interpreting Forward Interest Rates: Sweden 1992-1994",
     author      = "Lars E. O. Svensson",
     institution = "National Bureau of Economic Research",
     type        = "Working Paper",
     number      = "4871",
     year        = "1994",
     month       = "September",
     note        = "Retreived from \url{http://www.nber.org/papers/w4871}"
}

